@book{2012cobit,
  title={COBIT 5: A Business Framework for the Governance and Management of Enterprise IT.},
  author={ISACA},
  isbn={9781604202373},
  series={COBIT{\textregistered} 5},
  year={2012},
  publisher={ISACA}
}

@book{2012cobitEP,
  title={COBIT 5: Enabling Processes},
  isbn={9781604202397},
  author={ISACA},
  series={COBIT{\textregistered} 5},
  year={2012},
  publisher={ISACA}
}

@book{itilSD,
  title={ITIL Service Design},
  author={Great Britain. Cabinet Office},
  isbn={9780113313051},
  series={Best Management Practice},
  year={2011},
  publisher={TSO, The Stationery Office}
}

@book{itilSO,
  title={ITIL Service Operation},
  author={Great Britain. Cabinet Office},
  isbn={9780113313075},
  series={Best Management Practice},
  year={2011},
  publisher={TSO, The Stationery Office}
}

@book{itilSS,
  title={ITIL Service Strategy},
  author={Great Britain. Cabinet Office},
  isbn={9780113313044},
  series={Best management practice},
  year={2011},
  publisher={TSO, The Stationery Office}
}

@book{itilST,
  title={ITIL Service Transition},
  author={Great Britain. Cabinet Office},
  isbn={9780113313068},
  series={Best management practice},
  year={2011},
  publisher={TSO, The Stationery Office}
}

@book{itilST,
  title={ITIL Continual Service Improvement},
  author={Great Britain. Cabinet Office},
  isbn={9780113310494},
  series={Best management practice},
  year={2011},
  publisher={TSO, The Stationery Office}
}

@book{itilIntro,
  title={The Official Introduction to the ITIL Service Lifecycle},
  author={Great Britain. Cabinet Office},
  isbn={9780113310616},
  series={Best management practice},
  year={2011},
  publisher={TSO, The Stationery Office}
}